<?xml version="1.0" encoding="UTF-8"?><collection xmlns="http://www.loc.gov/MARC21/slim"><record><leader>00474nam--2200157-i-4500</leader><controlfield tag="001">000028161</controlfield><controlfield tag="002">20161230</controlfield><controlfield tag="005">20161230201037</controlfield><controlfield tag="008">060222s1000------------r-----000-0-eng-d</controlfield><datafield ind1=" " ind2=" " tag="080"><subfield code="a">517.5</subfield></datafield><datafield ind1=" " ind2=" " tag="100"><subfield code="a">Lawrenthew, M.A. Und Schabat, B.W</subfield></datafield><datafield ind1=" " ind2=" " tag="245"><subfield code="a">Methoden der komplexen funktionentheorie</subfield></datafield><datafield ind1=" " ind2=" " tag="260"><subfield code="a">Berlin, Veb Deutscher Verlag Der Wissenschafte. X + 846 P</subfield></datafield><datafield ind1=" " ind2=" " tag="490"><subfield code="a">Math.Fur Naturwissenschaft Und Technik</subfield></datafield><datafield ind1=" " ind2=" " tag="852"><subfield code="a">76711</subfield><subfield code="c">517.5</subfield></datafield><datafield ind1=" " ind2=" " tag="CAT"><subfield code="a">Sys</subfield><subfield code="c">20080812</subfield><subfield code="h">093617</subfield></datafield></record></collection>